%% This BibTeX bibliography file was created using BibDesk.
%% http://bibdesk.sourceforge.net/


%% Created for Galiia Khasanova at 2008-07-18 11:53:32 +0100 


%% Saved with string encoding Unicode (UTF-8) 

 
@misc{NIST_website,
  title={National Institute of Standards and Technology},
  howpublished = {http://www.nist.gov},
  Date-Added = {2008-07-23 09:52:26 +0100},
  Date-Modified = {2008-07-23 09:53:07 +0100}}

@article{simon_squawk:2006,
  title={{Javaâ„¢ on the bare metal of wireless sensor devices: the squawk Java virtual machine}},
  author={Simon, D. and Cifuentes, C. and Cleal, D. and Daniels, J. and White, D.},
  journal={Proceedings of the 2nd international conference on Virtual execution environments},
  pages={78--88},
  year={2006},
  publisher={ACM Press New York, NY, USA},
  Date-Added = {2008-07-23 09:52:26 +0100},
  Date-Modified = {2008-07-23 09:53:07 +0100}}
 
@article{Abdelzaher_EnviroTrack:2004,
	Author = {Abdelzaher, T. and Blum, B. and Cao, Q. and Chen, Y. and Evans, D. and George, J. and George, S. and Gu, L. and He, T. and Krishnamurthy, S. and others},
	Date-Added = {2008-07-18 11:52:26 +0100},
	Date-Modified = {2008-07-18 11:53:07 +0100},
	Journal = {IEEE ICDCS},
	Title = {{EnviroTrack: Towards an Environmental Computing Paradigm for Distributed Sensor Networks}},
	Year = {2004}}  

@inproceedings{Fok_Agilla:2005,
	Address = {Piscataway, NJ, USA},
	Author = {Chien-Liang Fok and Gruia-Catalin Roman and Chenyang Lu},
	Booktitle = {IPSN '05: Proceedings of the 4th international symposium on Information processing in sensor networks},
	Date-Added = {2008-07-18 11:50:26 +0100},
	Date-Modified = {2008-07-18 11:50:38 +0100},
	Isbn = {0-7803-9202-7},
	Location = {Los Angeles, California},
	Pages = {51},
	Publisher = {IEEE Press},
	Title = {Mobile agent middleware for sensor networks: an application case study},
	Url = {http://portal.acm.org/ft_gateway.cfm?id=1147747&type=pdf&coll=GUIDE&dl=GUIDE&CFID=37155600&CFTOKEN=75106657},
	Year = {2005},
	Bdsk-Url-1 = {http://portal.acm.org/ft_gateway.cfm?id=1147747&type=pdf&coll=GUIDE&dl=GUIDE&CFID=37155600&CFTOKEN=75106657}}

@article{Han_SOS:2005,
	Author = {Han, C.C. and Rengaswamy, R.K. and Shea, R. and Kohler, E. and Srivastava, M.},
	Date-Added = {2008-07-18 11:48:50 +0100},
	Date-Modified = {2008-07-18 11:49:37 +0100},
	Journal = {Third International Conference on Mobile Systems, Applications, And Services (Mobisys)},
	Title = {{SOS: A dynamic operating system for sensor networks}},
	Year = {2005}}

@article{Bonnet_Cougar:2001,
	Author = {Bonnet, P. and Gehrke, J. and Seshadri, P.},
	Date-Added = {2008-07-18 11:46:59 +0100},
	Date-Modified = {2008-07-18 11:47:45 +0100},
	Journal = {Proceedings of the Second International Conference on Mobile Data Management},
	Title = {{Towards sensor database systems}},
	Volume = {43},
	Year = {2001}}

@article{Levis_Mate:2002,
	Address = {New York, NY, USA},
	Author = {Philip Levis and David Culler},
	Date-Added = {2008-07-18 11:45:16 +0100},
	Date-Modified = {2008-07-18 11:45:41 +0100},
	Doi = {http://doi.acm.org/10.1145/635508.605407},
	Issn = {0163-5980},
	Journal = {SIGOPS Oper. Syst. Rev.},
	Number = {5},
	Pages = {85--95},
	Publisher = {ACM},
	Title = {Mat\'{e}: a tiny virtual machine for sensor networks},
	Url = {http://portal.acm.org/ft_gateway.cfm?id=605407&type=pdf&coll=GUIDE&dl=GUIDE&CFID=37155113&CFTOKEN=95403758},
	Volume = {36},
	Year = {2002},
	Bdsk-Url-1 = {http://portal.acm.org/ft_gateway.cfm?id=605407&type=pdf&coll=GUIDE&dl=GUIDE&CFID=37155113&CFTOKEN=95403758},
	Bdsk-Url-2 = {http://doi.acm.org/10.1145/635508.605407}}

@misc{barr_SWANS,
	Author = {Barr, R.},
	Date-Added = {2008-07-18 11:19:25 +0100},
	Date-Modified = {2008-07-18 11:21:11 +0100},
	Journal = {Department of Computer Science, Cornell University, Ithaca, NY},
	Title = {{SWANS-Scalable Wireless Ad hoc Network Simulator Users Guide}},
	Volume = {19},
	Year = {2004}}

@article{madden_TinyDB:2005,
	Author = {Madden, S.R. and Franklin, M.J. and Hellerstein, J.M. and Hong, W.},
	Date-Added = {2008-07-18 11:15:06 +0100},
	Date-Modified = {2008-07-18 11:18:07 +0100},
	Journal = {ACM Transactions on Database Systems (TODS)},
	Number = {1},
	Title = {{TinyDB: an acquisitional query processing system for sensor networks}},
	Volume = {30},
	Year = {2005}}

@article{gummadi_Kairos:2005,
	Author = {Gummadi, R. and Gnawali, O. and Govindan, R.},
	Date-Added = {2008-07-18 11:11:13 +0100},
	Date-Modified = {2008-07-18 11:17:30 +0100},
	Journal = {Intl. Conf. Distributed Computing in Sensor Systems (DCOSS)},
	Publisher = {Springer},
	Title = {{Macro-programming wireless sensor networks using Kairos}},
	Year = {2005}}

@unpublished{mottola_middleware:2008,
	Author = {Luca Mottola and Gian Pietro Picco},
	Date-Added = {2008-07-18 11:06:47 +0100},
	Date-Modified = {2008-07-18 11:18:29 +0100},
	Note = {University of Trento, Italy},
	Title = {Programming Wireless Sensor Networks: Fundamental Concepts and State-of-the-Art }}

@article{Weiser_ComputerIn21stCentury,
	Author = {Weiser, M.},
	Date-Added = {2008-07-18 10:18:19 +0100},
	Date-Modified = {2008-07-18 10:22:41 +0100},
	Journal = {Scientific American},
	Number = {3},
	Title = {The computer for the 21st century},
	Volume = {265},
	Year = {1991}}

@techreport{Shankar_DiscreteEventSim,
	Author = {A. Udaya Shankar },
	Date-Added = {2008-07-15 21:26:30 +0100},
	Date-Modified = {2008-07-15 21:29:52 +0100},
	Institution = {Department of Computer Science, University of Maryland},
	Month = {January},
	Title = {Discrete-Event Simulation},
	Year = {1991}}

@article{barr_JIST:2005,
	Address = {New York, NY, USA},
	Author = {Rimon Barr and Zygmunt J. Haas and Robbert van Renesse},
	Date-Added = {2008-06-16 17:29:34 +0200},
	Date-Modified = {2008-07-18 11:18:42 +0100},
	Doi = {http://dx.doi.org/10.1002/spe.v35:6},
	Issn = {0038-0644},
	Journal = {Softw. Pract. Exper.},
	Number = {6},
	Publisher = {John Wiley \& Sons, Inc.},
	Title = {{J}i{S}{T}: an efficient approach to simulation using virtual machines: Research Articles},
	Volume = {35},
	Year = {2005},
	Bdsk-Url-1 = {http://dx.doi.org/10.1002/spe.v35:6}}

@article{SensorSurveyAkyildiz:2002,
	Author = {{I.F.} {A}kyildiz and {W.S}u and {Y. S}ankarasubramanian and {E. C}ayirci},
	Journal = {{IEEE} {C}ommunications {M}agazine},
	Month = {{A}ugust},
	Pages = {102-114},
	Title = {{A S}urvey on {S}ensor {N}etworks},
	Year = {2002}}

@inproceedings{SpecknetsArvind:2004,
	Author = {{D.K. A}rvind and {K.J. W}ong},
	Booktitle = {{IEEE} {I}nternational {S}ymposium on {C}onsumer {E}lectronics},
	Pages = {219-223},
	Title = {{S}peckled {C}omputing: {D}isruptive {T}echnology for {N}etworked {I}nformation {A}ppliances},
	Year = {2004}}

@book{ComputerNetworksTannenbaum:2003,
	Author = {{A}ndrew {S. T}annenbaum},
	Date-Modified = {2008-07-18 10:40:36 +0100},
	Publisher = {{P}rentice {H}all {PTR}},
	Title = {{C}omputer {N}etworks},
	Year = {2002}}

@mastersthesis{MANETWarrier:2007,
	Author = {Warrier, S.},
	Date-Modified = {2008-06-15 16:48:55 +0200},
	Month = {{A}ugust},
	School = {{S}chool of {I}nformatics, {U}niversity of {E}dinburgh},
	Title = {{C}haracterisation and {A}pplications of {MANET} {R}outing {A}lgorithms in wireless sensor networks},
	Year = {2007}}

@inproceedings{RoutingAkkaya:2005,
	Author = {{K. A}kkaya and {M. Y}ounis},
	Booktitle = {{A}d-hoc {N}etworks},
	Title = {{A S}urvey on {R}outing {P}rotocols in {W}ireless {S}ensor {N}etworks},
	Year = {2005}}

@inproceedings{CarParkBenson:2006,
	Author = {{J.P. B}enson and {T. O'D}onovan and {P.O'S}ullivan and {U. R}oedig  and {C. S}reenan},
	Booktitle = {Local Computer Networks},
	Title = {Car-Park Management using Wireless Sensor Networks},
	Year = {2006}}

@article{RoutingBellman:1958,
	Author = {{R. B}ellman},
	Journal = {{Q}uarterly of {A}pplied {M}athematics},
	Title = {{O}n a {R}outing {P}roblem},
	Year = {1958}}

@article{DSDVPerkins:1994,
	Author = {{C.E. P}erkins and {P. B}hagwat},
	Date-Modified = {2008-07-18 10:23:42 +0100},
	Journal = {{ACM} {SIGCOMM} {C}omputer {C}ommunications {R}eview},
	Month = {{O}ctober},
	Title = {{H}ighly {D}ynamic {D}estination-{S}equenced {D}istance-{V}ector {R}outing ({DSDV}) for {M}obile {C}omputers},
	Year = {1994}}

@inproceedings{ZRPHaas:1997,
	Author = {{Z. H}aas},
	Booktitle = {{U}niversal {P}ersonal {C}ommunications {R}ecord},
	Title = {{A} new routing protocol for the reconfigurable wireless networks},
	Year = {1997}}

@inproceedings{PerspeckzWong:2006,
	Author = {{K.J. W}ong and {D.K. A}rvind},
	Booktitle = {{S}econd international workshop on {M}ulti-hop ad hoc networks: from theory to reality},
	Pages = {122-124},
	Title = {{P}erspeckz-64: physical test-bed for performance evaluation of {MAC} and networking algorithms for {S}pecknets},
	Year = {2006}}

@inproceedings{mainwaring_Habitat:2002,
	Address = {New York, NY, USA},
	Author = {Mainwaring, A. and Culler, D. and Polastre, J. and Szewczyk, R. and Anderson, J.},
	Booktitle = {WSNA '02: Proceedings of the 1st ACM international workshop on Wireless sensor networks and applications},
	Date-Added = {2008-05-05 17:18:52 +0200},
	Date-Modified = {2008-07-18 10:24:07 +0100},
	Doi = {http://doi.acm.org/10.1145/570738.570751},
	Isbn = {1-58113-589-0},
	Location = {Atlanta, Georgia, USA},
	Publisher = {ACM},
	Rating = {5},
	Read = {Yes},
	Title = {Wireless sensor networks for habitat monitoring},
	Url = {http://portal.acm.org/ft_gateway.cfm?id=570751&type=pdf&coll=GUIDE&dl=GUIDE&CFID=66631470&CFTOKEN=27998032},
	Year = {2002},
	Bdsk-Url-1 = {http://portal.acm.org/ft_gateway.cfm?id=570751&type=pdf&coll=GUIDE&dl=GUIDE&CFID=66631470&CFTOKEN=27998032},
	Bdsk-Url-2 = {http://doi.acm.org/10.1145/570738.570751}}

@inproceedings{mottola_LN:2006,
	Address = {New York, NY, USA},
	Author = {Mottola, L. and Picco, G.P.},
	Booktitle = {InterSense '06: Proceedings of the first international conference on Integrated internet ad hoc and sensor networks},
	Date-Added = {2008-05-05 17:51:50 +0200},
	Date-Modified = {2008-07-18 10:23:01 +0100},
	Doi = {http://doi.acm.org/10.1145/1142680.1142691},
	Isbn = {1-59593-427-8},
	Location = {Nice, France},
	Publisher = {ACM},
	Title = {Programming wireless sensor networks with logical neighborhoods},
	Url = {http://portal.acm.org/ft_gateway.cfm?id=1142691&type=pdf&coll=GUIDE&dl=GUIDE&CFID=66635702&CFTOKEN=87212156},
	Year = {2006},
	Bdsk-Url-1 = {http://portal.acm.org/ft_gateway.cfm?id=1142691&type=pdf&coll=GUIDE&dl=GUIDE&CFID=66635702&CFTOKEN=87212156},
	Bdsk-Url-2 = {http://doi.acm.org/10.1145/1142680.1142691}}

@article{yu_issuesMiddleware:2004,
	Author = {Yu, Y. and Krishnamachari, B. and Prasanna, V.K.},
	Date-Added = {2008-05-06 16:51:55 +0200},
	Date-Modified = {2008-05-06 16:52:18 +0200},
	Journal = {IEEE Network},
	Pages = {16},
	Title = {Issues in Designing Middleware for Wireless Sensor Networks},
	Year = {2004}}

@article{estrin_NectCentureChallenges:1999,
	Author = {Estrin, D. and Govindan, R. and Heidemann, J. and Kumar, S.},
	Date-Added = {2008-05-06 16:44:16 +0200},
	Date-Modified = {2008-07-18 10:23:48 +0100},
	Journal = {Proceedings of the 5th annual ACM/IEEE international conference on Mobile computing and networking},
	Publisher = {ACM Press New York, NY, USA},
	Title = {Next century challenges: scalable coordination in sensor networks},
	Year = {1999}}

@article{culler_overviewWSN:2004,
	Author = {Culler, D. and Estrin, D. and Srivastava, M.},
	Date-Added = {2008-05-06 15:50:37 +0200},
	Date-Modified = {2008-05-06 15:51:04 +0200},
	Journal = {IEEE Computer, Special Issue in Sensor Networks, Aug},
	Title = {Overview of wireless sensor networks},
	Year = {2004}}

@inproceedings{fok_RapidDevelopment:2005,
	Address = {Washington, DC, USA},
	Author = {Chien-Liang Fok and Gruia-Catalin Roman and Chenyang Lu},
	Booktitle = {ICDCS '05: Proceedings of the 25th IEEE International Conference on Distributed Computing Systems},
	Date-Added = {2008-05-06 15:40:59 +0200},
	Date-Modified = {2008-07-18 10:23:55 +0100},
	Doi = {http://dx.doi.org/10.1109/ICDCS.2005.63},
	Isbn = {0-7695-2331-5},
	Publisher = {IEEE Computer Society},
	Title = {Rapid Development and Flexible Deployment of Adaptive Wireless Sensor Network Applications},
	Url = {http://portal.acm.org/ft_gateway.cfm?id=1069413&type=external&coll=GUIDE&dl=GUIDE&CFID=26726904&CFTOKEN=88844940},
	Year = {2005},
	Bdsk-Url-1 = {http://portal.acm.org/ft_gateway.cfm?id=1069413&type=external&coll=GUIDE&dl=GUIDE&CFID=26726904&CFTOKEN=88844940},
	Bdsk-Url-2 = {http://dx.doi.org/10.1109/ICDCS.2005.63}}

@inproceedings{steffan_MultiPruposeWSN:2005,
	Address = {Washington, DC, USA},
	Author = {Jan Steffan and Ludger Fiege and Mariano Cilia and Alejandro Buchmann},
	Booktitle = {ICW '05: Proceedings of the 2005 Systems Communications},
	Date-Added = {2008-05-06 11:59:15 +0200},
	Date-Modified = {2008-05-06 11:59:38 +0200},
	Doi = {http://dx.doi.org/10.1109/ICW.2005.77},
	Isbn = {0-7695-2422-2},
	Pages = {336--341},
	Publisher = {IEEE Computer Society},
	Title = {Towards Multi-Purpose Wireless Sensor Networks},
	Url = {http://portal.acm.org/ft_gateway.cfm?id=1091977&type=external&coll=GUIDE&dl=GUIDE&CFID=66744646&CFTOKEN=94297152},
	Year = {2005},
	Bdsk-Url-1 = {http://portal.acm.org/ft_gateway.cfm?id=1091977&type=external&coll=GUIDE&dl=GUIDE&CFID=66744646&CFTOKEN=94297152},
	Bdsk-Url-2 = {http://dx.doi.org/10.1109/ICW.2005.77}}

@article{mottola_LNAbstraction,
	Author = {Mottola, L. and Picco, G.P.},
	Date-Added = {2008-05-05 21:27:00 +0200},
	Date-Modified = {2008-05-05 21:32:16 +0200},
	Journal = {Proc. of the the - Springer},
	Title = {Logical Neighborhoods: A programming abstraction for wireless sensor networks},
	Volume = {2},
	Year = {2006}}

@inproceedings{ciciriello_LNvirtualSensors:2006,
	Address = {New York, NY, USA},
	Author = {Ciciriello, P. and Mottola, L. and Picco, G.P.},
	Booktitle = {MidSens '06: Proceedings of the international workshop on Middleware for sensor networks},
	Date-Added = {2008-05-05 21:22:37 +0200},
	Date-Modified = {2008-07-18 10:23:15 +0100},
	Doi = {http://doi.acm.org/10.1145/1176866.1176870},
	Isbn = {1-59593-424-3},
	Location = {Melbourne, Australia},
	Publisher = {ACM},
	Title = {Building virtual sensors and actuators over logical neighborhoods},
	Url = {http://portal.acm.org/ft_gateway.cfm?id=1176870&type=pdf&coll=GUIDE&dl=GUIDE&CFID=66661022&CFTOKEN=71581204},
	Year = {2006},
	Bdsk-Url-1 = {http://portal.acm.org/ft_gateway.cfm?id=1176870&type=pdf&coll=GUIDE&dl=GUIDE&CFID=66661022&CFTOKEN=71581204},
	Bdsk-Url-2 = {http://doi.acm.org/10.1145/1176866.1176870}}

@inproceedings{mottola_LNScoping:2006,
	Address = {New York, NY, USA},
	Author = {Mottola, L. and Picco, G.P.},
	Booktitle = {MDS '06: Proceedings of the 3rd international Middleware doctoral symposium},
	Date-Added = {2008-05-05 21:22:04 +0200},
	Date-Modified = {2008-07-18 10:23:07 +0100},
	Doi = {http://doi.acm.org/10.1145/1169100.1169106},
	Isbn = {1-59593-418-9},
	Location = {Melbourne, Australia},
	Publisher = {ACM},
	Title = {Using logical neighborhoods to enable scoping in wireless sensor networks},
	Url = {http://portal.acm.org/ft_gateway.cfm?id=1169106&type=pdf&coll=GUIDE&dl=GUIDE&CFID=66660918&CFTOKEN=81174842},
	Year = {2006},
	Bdsk-Url-1 = {http://portal.acm.org/ft_gateway.cfm?id=1169106&type=pdf&coll=GUIDE&dl=GUIDE&CFID=66660918&CFTOKEN=81174842},
	Bdsk-Url-2 = {http://doi.acm.org/10.1145/1169100.1169106}}

@article{hadim_middleware:2006,
	Author = {Hadim, S. and Mohamed, N.},
	Date-Added = {2008-05-05 21:19:02 +0200},
	Date-Modified = {2008-05-05 21:19:45 +0200},
	Journal = {Distributed Systems Online, IEEE},
	Number = {3},
	Title = {Middleware: middleware challenges and approaches for wireless sensor networks},
	Volume = {7},
	Year = {2006}}

@article{roemer_Middleware:2002,
	Address = {New York, NY, USA},
	Author = {R\"{o}mer, K. and Kasten, O. and Mattern, F.},
	Date-Added = {2008-05-05 21:17:07 +0200},
	Date-Modified = {2008-05-05 21:32:45 +0200},
	Doi = {http://doi.acm.org/10.1145/643550.643556},
	Issn = {1559-1662},
	Journal = {SIGMOBILE Mob. Comput. Commun. Rev.},
	Number = {4},
	Pages = {59--61},
	Publisher = {ACM},
	Title = {Middleware challenges for wireless sensor networks},
	Url = {http://portal.acm.org/ft_gateway.cfm?id=643556&type=pdf&coll=GUIDE&dl=GUIDE&CFID=66660412&CFTOKEN=41463933},
	Volume = {6},
	Year = {2002},
	Bdsk-Url-1 = {http://portal.acm.org/ft_gateway.cfm?id=643556&type=pdf&coll=GUIDE&dl=GUIDE&CFID=66660412&CFTOKEN=41463933},
	Bdsk-Url-2 = {http://doi.acm.org/10.1145/643550.643556}}

@techreport{horre_surveyWSN:2007,
	Author = {Horre, W. and Matthys, N. and Michiels, S. and Joosen, W. and Verbaeten, P.},
	Date-Added = {2008-05-05 21:14:31 +0200},
	Date-Modified = {2008-05-05 21:15:47 +0200},
	Institution = {Technical Report CW 498, Department of Computer Science, KU Leuven, August 2007},
	Read = {Yes},
	Title = {A survey of Middleware for Wireless Sensor Networks},
	Year = {2007}}

@inproceedings{stefan_ScopingWSN:2004,
	Address = {New York, NY, USA},
	Author = {Steffan, J. and Fiege, L. and Cilia, M. and Buchmann, A.},
	Booktitle = {MPAC '04: Proceedings of the 2nd workshop on Middleware for pervasive and ad-hoc computing},
	Date-Added = {2008-05-05 21:10:49 +0200},
	Date-Modified = {2008-05-05 21:33:05 +0200},
	Doi = {http://doi.acm.org/10.1145/1028509.1028521},
	Isbn = {1-58113-951-9},
	Location = {Toronto, Ontario, Canada},
	Pages = {167--171},
	Publisher = {ACM},
	Title = {Scoping in wireless sensor networks: a position paper},
	Url = {http://portal.acm.org/ft_gateway.cfm?id=1028521&type=pdf&coll=GUIDE&dl=GUIDE&CFID=66659730&CFTOKEN=50694977},
	Year = {2004},
	Bdsk-Url-1 = {http://portal.acm.org/ft_gateway.cfm?id=1028521&type=pdf&coll=GUIDE&dl=GUIDE&CFID=66659730&CFTOKEN=50694977},
	Bdsk-Url-2 = {http://doi.acm.org/10.1145/1028509.1028521}}

@inproceedings{migliavacca_DADT:2006,
	Author = {Picco, G.P. and Migliavacca, M. and Murphy, A. and Roman G.},
	Booktitle = {Proceedings of the 8th International Symposium on Distributed Objects and Applications (DOA'06)},
	Date-Added = {2008-06-15 16:40:47 +0200},
	Date-Modified = {2008-07-18 11:18:18 +0100},
	Editor = {Robert Meersman and Zahir Tari},
	Publisher = {Springer},
	Series = {Lecture Notes in Computer Science},
	Title = {Distributed Abstract Data Types},
	Volume = {4276},
	Year = {2006}}
